@article{KOTOPress,
  title = {Search for ${K}_{L}\ensuremath{\rightarrow}{\ensuremath{\pi}}^{0}\ensuremath{\nu}\overline{\ensuremath{\nu}}$ and ${K}_{L}\ensuremath{\rightarrow}{\ensuremath{\pi}}^{0}{X}^{0}$ Decays at the J-PARC KOTO Experiment},
  author = {Ahn, J. K. and Beckford, B. and Beechert, J. and Bryant, K. and Campbell, M. and Chen, S. H. and Comfort, J. and Dona, K. and Hara, N. and Haraguchi, H. and Hsiung, Y. B. and Hutcheson, M. and Inagaki, T. and Kamiji, I. and Kawasaki, N. and Kim, E. J. and Kim, J. L. and Kim, Y. J. and Ko, J. W. and Komatsubara, T. K. and Kotera, K. and Kurilin, A. S. and Lee, J. W. and Lim, G. Y. and Lin, C. and Lin, Q. and Luo, Y. and Ma, J. and Maeda, Y. and Mari, T. and Masuda, T. and Matsumura, T. and Mcfarland, D. and McNeal, N. and Micallef, J. and Miyazaki, K. and Murayama, R. and Naito, D. and Nakagiri, K. and Nanjo, H. and Nishimiya, H. and Nomura, T. and Ohsugi, M. and Okuno, H. and Sasaki, M. and Sasao, N. and Sato, K. and Sato, T. and Sato, Y. and Schamis, H. and Seki, S. and Shimizu, N. and Shimogawa, T. and Shinkawa, T. and Shinohara, S. and Shiomi, K. and Su, S. and Sugiyama, Y. and Suzuki, S. and Tajima, Y. and Taylor, M. and Tecchio, M. and Togawa, M. and Tung, Y. C. and Wah, Y. W. and Watanabe, H. and Woo, J. K. and Yamanaka, T. and Yoshida, H. Y.},
  collaboration = {KOTO Collaboration},
  journal = {Phys. Rev. Lett.},
  volume = {122},
  issue = {2},
  pages = {021802},
  numpages = {6},
  year = {2019},
  month = {Jan},
  publisher = {American Physical Society},
  doi = {10.1103/PhysRevLett.122.021802},
  url = {https://link.aps.org/doi/10.1103/PhysRevLett.122.021802}
}
@article{PDG,
  title = {Review of Particle Physics},
  author = {Tanabashi, M. and Hagiwara, K. and Hikasa, K. and Nakamura, K. and Sumino, Y. and Takahashi, F. and Tanaka, J. and Agashe, K. and Aielli, G. and Amsler, C. and Antonelli, M. and Asner, D. M. and Baer, H. and Banerjee, Sw. and Barnett, R. M. and Basaglia, T. and Bauer, C. W. and Beatty, J. J. and Belousov, V. I. and Beringer, J. and Bethke, S. and Bettini, A. and Bichsel, H. and Biebel, O. and Black, K. M. and Blucher, E. and Buchmuller, O. and Burkert, V. and Bychkov, M. A. and Cahn, R. N. and Carena, M. and Ceccucci, A. and Cerri, A. and Chakraborty, D. and Chen, M.-C. and Chivukula, R. S. and Cowan, G. and Dahl, O. and D'Ambrosio, G. and Damour, T. and de Florian, D. and de Gouv\^ea, A. and DeGrand, T. and de Jong, P. and Dissertori, G. and Dobrescu, B. A. and D'Onofrio, M. and Doser, M. and Drees, M. and Dreiner, H. K. and Dwyer, D. A. and Eerola, P. and Eidelman, S. and Ellis, J. and Erler, J. and Ezhela, V. V. and Fetscher, W. and Fields, B. D. and Firestone, R. and Foster, B. and Freitas, A. and Gallagher, H. and Garren, L. and Gerber, H.-J. and Gerbier, G. and Gershon, T. and Gershtein, Y. and Gherghetta, T. and Godizov, A. A. and Goodman, M. and Grab, C. and Gritsan, A. V. and Grojean, C. and Groom, D. E. and Gr\"unewald, M. and Gurtu, A. and Gutsche, T. and Haber, H. E. and Hanhart, C. and Hashimoto, S. and Hayato, Y. and Hayes, K. G. and Hebecker, A. and Heinemeyer, S. and Heltsley, B. and Hern\'andez-Rey, J. J. and Hisano, J. and H\"ocker, A. and Holder, J. and Holtkamp, A. and Hyodo, T. and Irwin, K. D. and Johnson, K. F. and Kado, M. and Karliner, M. and Katz, U. F. and Klein, S. R. and Klempt, E. and Kowalewski, R. V. and Krauss, F. and Kreps, M. and Krusche, B. and Kuyanov, Yu. V. and Kwon, Y. and Lahav, O. and Laiho, J. and Lesgourgues, J. and Liddle, A. and Ligeti, Z. and Lin, C.-J. and Lippmann, C. and Liss, T. M. and Littenberg, L. and Lugovsky, K. S. and Lugovsky, S. B. and Lusiani, A. and Makida, Y. and Maltoni, F. and Mannel, T. and Manohar, A. V. and Marciano, W. J. and Martin, A. D. and Masoni, A. and Matthews, J. and Mei\ss{}ner, U.-G. and Milstead, D. and Mitchell, R. E. and M\"onig, K. and Molaro, P. and Moortgat, F. and Moskovic, M. and Murayama, H. and Narain, M. and Nason, P. and Navas, S. and Neubert, M. and Nevski, P. and Nir, Y. and Olive, K. A. and Pagan Griso, S. and Parsons, J. and Patrignani, C. and Peacock, J. A. and Pennington, M. and Petcov, S. T. and Petrov, V. A. and Pianori, E. and Piepke, A. and Pomarol, A. and Quadt, A. and Rademacker, J. and Raffelt, G. and Ratcliff, B. N. and Richardson, P. and Ringwald, A. and Roesler, S. and Rolli, S. and Romaniouk, A. and Rosenberg, L. J. and Rosner, J. L. and Rybka, G. and Ryutin, R. A. and Sachrajda, C. T. and Sakai, Y. and Salam, G. P. and Sarkar, S. and Sauli, F. and Schneider, O. and Scholberg, K. and Schwartz, A. J. and Scott, D. and Sharma, V. and Sharpe, S. R. and Shutt, T. and Silari, M. and Sj\"ostrand, T. and Skands, P. and Skwarnicki, T. and Smith, J. G. and Smoot, G. F. and Spanier, S. and Spieler, H. and Spiering, C. and Stahl, A. and Stone, S. L. and Sumiyoshi, T. and Syphers, M. J. and Terashi, K. and Terning, J. and Thoma, U. and Thorne, R. S. and Tiator, L. and Titov, M. and Tkachenko, N. P. and T\"ornqvist, N. A. and Tovey, D. R. and Valencia, G. and Van de Water, R. and Varelas, N. and Venanzoni, G. and Verde, L. and Vincter, M. G. and Vogel, P. and Vogt, A. and Wakely, S. P. and Walkowiak, W. and Walter, C. W. and Wands, D. and Ward, D. R. and Wascko, M. O. and Weiglein, G. and Weinberg, D. H. and Weinberg, E. J. and White, M. and Wiencke, L. R. and Willocq, S. and Wohl, C. G. and Womersley, J. and Woody, C. L. and Workman, R. L. and Yao, W.-M. and Zeller, G. P. and Zenin, O. V. and Zhu, R.-Y. and Zhu, S.-L. and Zimmermann, F. and Zyla, P. A. and Anderson, J. and Fuller, L. and Lugovsky, V. S. and Schaffner, P.},
  collaboration = {Particle Data Group},
  journal = {Phys. Rev. D},
  volume = {98},
  issue = {3},
  pages = {030001},
  numpages = {1898},
  year = {2018},
  month = {Aug},
  publisher = {American Physical Society},
  doi = {10.1103/PhysRevD.98.030001},
  url = {https://link.aps.org/doi/10.1103/PhysRevD.98.030001}
}
@misc{Ceccucci1,
  title = {Kaon Physics Review},
  author = {A. Ceccucci},
  year = {2010},
  month = {Jun},
  note = {Presentation for Flavianet School}
}
@online{oktett,
  author = {},
  title = {Meson-Oktett},
  url = "https://commons.wikimedia.org/wiki/File:Meson-octet.svg",
  urldate = {28.04.2019},
  keywords = {Bild}
}
@online{cosmotron,
  author = {U.S. Department of Energy},
  title = {Cosmotron},
  url = "https://www.flickr.com/photos/37916456@N02/11970235563",
  urldate = {28.04.2019},
  keywords = {Bild}
}

@article{ kloeii,
	author = {{Czerwi\'{}nski, Eryk}},
	title = {Overview of KLOE results on kaon physics and KLOE-2 perspectives},
	DOI= "10.1051/epjconf/201816600007",
	url= "https://doi.org/10.1051/epjconf/201816600007",
	journal = {EPJ Web Conf.},
	year = 2018,
	volume = 166,
	pages = "00007",
}

@article{klever,
      author         = "Ambrosino, F. and others",
      title          = "{KLEVER: An experiment to measure
                        BR($K_L\to\pi^0\nu\bar{\nu}$) at the CERN SPS}",
      collaboration  = "KLEVER Project",
      year           = "2019",
      eprint         = "1901.03099",
      archivePrefix  = "arXiv",
      primaryClass   = "hep-ex",
      reportNumber   = "KLEVER-PUB-18-02",
      SLACcitation   = "%%CITATION = ARXIV:1901.03099;%%"
}
